<?xml version="1.0" encoding="UTF-8"?><collection xmlns="http://www.loc.gov/MARC21/slim"><record><leader>00495nam--2200181-i-4500</leader><controlfield tag="001">000009972</controlfield><controlfield tag="002">20161230</controlfield><controlfield tag="005">20161230201028</controlfield><controlfield tag="008">060222s1000------------r-----000-0-eng-d</controlfield><datafield ind1=" " ind2=" " tag="040"><subfield code="a">IFIN-HH</subfield></datafield><datafield ind1=" " ind2=" " tag="080"><subfield code="a">541.14</subfield></datafield><datafield ind1="1" ind2=" " tag="100"><subfield code="a">Noyes, W.A</subfield></datafield><datafield ind1=" " ind2=" " tag="245"><subfield code="a">Advances in photochemistry</subfield><subfield code="c">W.A. NOYES; G.S. HAMMOND; J.N. PITTS (Eds.)</subfield></datafield><datafield ind1=" " ind2=" " tag="260"><subfield code="a">New York</subfield><subfield code="b">Interscience Publishers</subfield></datafield><datafield ind1="1" ind2=" " tag="700"><subfield code="a">Pitts, J.N</subfield><subfield code="e">Ed</subfield></datafield><datafield ind1=" " ind2=" " tag="787"><subfield code="a">Vol. 1</subfield><subfield code="d">1963</subfield><subfield code="h">443p</subfield></datafield><datafield ind1=" " ind2=" " tag="852"><subfield code="a">15242</subfield><subfield code="c">541.14</subfield></datafield><datafield ind1=" " ind2=" " tag="CAT"><subfield code="a">Sys</subfield><subfield code="c">20101115</subfield><subfield code="h">120123</subfield></datafield></record></collection>